@misc{functional-simonpj,
   author = "Simon L Peyton Jones and David R Lester",
   title = "Impelementing Functional Languages: A Tutorial",
   year = "2000",
   url = "\url{http://research.microsoft.com/en-us/um/people/simonpj/papers/pj-lester-book/}"
}

@misc{davidt-thesis,
   author = "David Anthony Terei",
   title = "Low Level Virtual Machine for Glasgow Haskell Compiler",
   year = "2009",
   school = "University of New South Wales",
   url = "\url{http://www.cse.unsw.edu.au/~pls/thesis/davidt-thesis.pdf}",
   note = "A Bachelor Thesis"
}
